\documentclass[12pt,letterpaper]{article}
\usepackage[utf8]{inputenc}
\usepackage[spanish]{babel}
\usepackage{geometry}
\geometry{top=2.4cm, bottom=2.4cm, left=2.4cm, right=2.4cm}
\setlength{\parindent}{0pt}
\renewcommand{\baselinestretch}{1}

\begin{document}

\begin{center}
\textbf{\uppercase{Ciberseguridad, Seguridad Informática y Seguridad de la Información}}\\[10pt]
\textit{D. F. Velásquez Pichilla}\\
\textit{7690-16-3882 Universidad Mariano Gálvez}\\
\textit{Seminario de Tecnología de Información}\\
\textit{dvelasquezp4@miumg.edu.gt}
\end{center}

\textbf{Resumen}\\
Este artículo presenta definiciones claras y comparables de tres nociones frecuentemente confundidas: ciberseguridad, seguridad informática y seguridad de la información. Se exponen su propósito, su alcance y sus dimensiones esenciales, así como sus diferencias conceptuales y su complementariedad en la práctica. La intención es ofrecer un marco sintético, riguroso y aplicable que sirva de base para el diseño de políticas y controles en organizaciones públicas y privadas.\\[8pt]

\textbf{Palabras claves:} ciberseguridad, seguridad informática, seguridad de la información, CIA, gestión de riesgos

\textbf{Desarrollo del tema}\\

\textbf{1. Ciberseguridad}\\
La ciberseguridad es la disciplina orientada a proteger sistemas, redes y servicios que operan en entornos digitales interconectados. Su foco es el ciberespacio: el conjunto de infraestructuras, protocolos y aplicaciones que permiten la comunicación y el intercambio de información a escala global. Su razón de ser es mitigar amenazas deliberadas que se ejecutan o propagan por medios digitales, como accesos no autorizados, extracción de datos, manipulación de servicios o interrupciones.

Desde el punto de vista funcional, la ciberseguridad se articula en cuatro capacidades: prevención, detección, respuesta y recuperación. La prevención comprende políticas de acceso, endurecimiento de configuraciones y autenticación fuerte; la detección se basa en monitoreo continuo y correlación de eventos; la respuesta coordina acciones técnicas y de gestión para contener el incidente; y la recuperación restablece la operación con lecciones aprendidas e incorporación de mejoras. 

Dimensiones relevantes:
\begin{itemize}
    \item Superficie de ataque: reducción y segmentación de entornos expuestos.
    \item Gestión de identidades: autenticación multifactor y privilegios mínimos.
    \item Resiliencia de servicios: continuidad operativa, redundancia y pruebas de recuperación.
    \item Gobernanza: roles y responsabilidades claros para la toma de decisiones durante incidentes.
\end{itemize}

La ciberseguridad sostiene la confianza digital y actúa como un habilitador de la economía en línea: sin garantías razonables de protección, no hay adopción segura de comercio electrónico, banca, educación o servicios públicos digitales.

\vspace{6pt}
\textbf{2. Seguridad Informática}\\
La seguridad informática es el conjunto de prácticas, procesos y controles destinados a preservar la confidencialidad, integridad y disponibilidad de la información dentro de sistemas informáticos y sus infraestructuras asociadas, estén o no conectados a internet. Abarca hardware, software, redes locales, sistemas operativos, bases de datos y también controles físicos sobre los equipos.

Su núcleo conceptual es el triángulo CIA:
\begin{itemize}
    \item Confidencialidad: limitar el acceso a quien corresponde mediante controles de acceso y cifrado.
    \item Integridad: evitar alteraciones no autorizadas con controles de versiones, registros de auditoría y validaciones.
    \item Disponibilidad: asegurar uso oportuno con respaldos, alta disponibilidad y planes de continuidad.
\end{itemize}

Capas de control típicas:
\begin{enumerate}
    \item Física: resguardo de salas, energía, climatización e inventario.
    \item Lógica: gestión de parches, antivirus, listas blancas de aplicaciones.
    \item Red: segmentación, firewalls, VPN y monitoreo.
    \item Datos y aplicaciones: cifrado, pruebas de seguridad y separación de ambientes.
    \item Operación: respaldos verificados, bitácoras centralizadas y revisiones de accesos.
\end{enumerate}

La seguridad informática actúa como primera línea operativa: reduce fallas evitables, acota el impacto de errores humanos y crea condiciones técnicas para que la ciberseguridad y la seguridad de la información se apliquen con eficacia.

\vspace{6pt}
\textbf{3. Seguridad de la Información}\\
La seguridad de la información es el marco rector que protege los datos en cualquier forma: digital, impresa, audiovisual o verbal. Integra dimensiones técnicas, organizacionales, legales y humanas. Su fin es que la información tenga el nivel apropiado de protección según su valor, sensibilidad y riesgo, mediante políticas, procesos y controles verificables.

Además del triángulo CIA, incorpora otros principios:
\begin{itemize}
    \item Trazabilidad y no repudio: registro confiable de accesos y acciones.
    \item Minimización y propósito: recolectar y tratar solo lo necesario, con fines definidos.
    \item Ciclo de vida de datos: creación, clasificación, almacenamiento, uso, transferencia, archivo y eliminación segura.
\end{itemize}

Componentes clave de un sistema de gestión:
\begin{enumerate}
    \item Políticas y clasificación: etiquetar la información (pública, interna, confidencial, restringida).
    \item Gestión de riesgos: identificar activos, amenazas y vulnerabilidades.
    \item Concienciación: formación continua y responsabilidades explícitas.
    \item Cumplimiento: alineación con estándares y regulaciones aplicables.
\end{enumerate}

Este enfoque reconoce a los datos como activo estratégico: su valor determina el esfuerzo de protección, y la protección adecuada habilita el intercambio responsable y la toma de decisiones confiables.

\vspace{6pt}
\textbf{4. Diferencias clave y complementariedad}\\
\begin{itemize}
    \item Ciberseguridad: protege lo conectado y las amenazas del ciberespacio, con énfasis en servicios en línea y resiliencia ante ataques.
    \item Seguridad informática: protege el ecosistema tecnológico completo (hardware, software, redes), dentro o fuera de internet.
    \item Seguridad de la información: protege el valor de los datos en cualquier soporte, integrando lo técnico con lo organizacional y normativo.
\end{itemize}

Se superponen, pero no son equivalentes: juntas conforman una arquitectura de protección en la que la seguridad informática aporta controles operativos, la ciberseguridad gestiona amenazas en línea y la seguridad de la información gobierna el ciclo de vida y el cumplimiento.

\vspace{6pt}
\textbf{5. Observaciones y comentarios}\\
En la práctica, muchos fallos no provienen de ataques sofisticados, sino de debilidades básicas: contraseñas débiles, sistemas sin parches, respaldos no verificados o roles mal asignados. También es frecuente confundir herramientas con estrategia: comprar soluciones sin un marco de gobierno produce costos altos y una falsa sensación de seguridad. La prioridad debería ser alinear controles con riesgos reales del negocio, medir su eficacia y ajustar con evidencia. Finalmente, sin cultura organizacional que incentive el reporte temprano y el aprendizaje, la tecnología por sí sola no alcanza.

\textbf{Conclusiones}
\begin{enumerate}
    \item La ciberseguridad protege servicios y redes interconectadas frente a amenazas digitales.
    \item La seguridad informática sostiene la operación segura del entorno TI con controles físicos, lógicos y de red.
    \item La seguridad de la información gobierna el valor de los datos en cualquier soporte mediante políticas y gestión de riesgos.
    \item Las tres disciplinas son complementarias y conforman una línea coherente desde la gobernanza hasta la operación diaria.
    \item La efectividad depende menos de comprar herramientas y más de disciplina operativa, medición y mejora continua.
\end{enumerate}

\newpage
\textbf{Bibliografía}
\begin{itemize}
    \item Anderson, R. (2020). Security Engineering: A Guide to Building Dependable Distributed Systems (3rd ed.). Wiley.
    \item ISO/IEC. (2018). ISO/IEC 27001:2018 Information Security Management Systems. International Organization for Standardization.
    \item Stallings, W. (2020). Computer Security: Principles and Practice (4th ed.). Pearson.
    \item NIST. (2018). Framework for Improving Critical Infrastructure Cybersecurity, Version 1.1.
\end{itemize}

\end{document}
